% Bibliografia
@book{storia_delle_emozioni,
    author       = {Plamper, J.},
    title        = {Storia delle emozioni},
    year         = {2018},
    publisher    = {il Mulino},
    address      = {Italia},
}

@article{james,
    author = {James, W.},
    title = {What is emotion},
    journal = {Mind},
    % number = {34},
    year = {1884},
}

@article{russel_fehr,
    author       = {Fehr, B. and Russel, J. A.},
    title        = {Concept of emotion viewed from a prototype perspective},
    journal       = {Journal of Experimental Psychology},
    % number = {113},
    year = {1984},
}

@book{come_funzionano_le_emozioni,
    author       = {Caruana, F. and Viola, M.},
    title        = {Come funzionano le emozioni},
    year         = {2018},
    publisher    = {il Mulino},
    address      = {Italia},
    edition    = {1}
}

@book{le_vicende_di_psiche,
    author       = {Galati, D.},
    title        = {Le vicende di Psiche},
    year         = {2020},
    publisher    = {G. Giappichielli Editore},
    address      = {Italia},
}

@book{psicobiologia,
    author       = {Pinel, J. P. J. and Barnes, S. J.},
    title        = {Psicobiologia},
    year         = {2018},
    publisher    = {Edra},
    address      = {Italia},
}

@article{Keith_JohnsonLaird,
    author = {Oatley, K. and Johnson-Laird, P. N.},
    title = {Towards a Cognitive Theory of Emotions},
    journal = {Cognition and Emotion},
    % number = {1},
    year = {1987},
}

@article{Dellerba,
    author = {Dell'erba, G. L.},
    title = {I Fattori di Base del Lessico Emotivo},
    journal = {Appunti di psicologia},
    year = {2008},
}

@book{development_of_emotioinal_competencde,
    author       = {Saarni, C.},
    title        = {The development of emotional competence},
    year         = {1999},
    publisher    = {Guilford Press},
    address      = {New York},
}

@article{Sini,
    author = {Galati, D. and Sini, B. and Tinti, C. and Testa, S.},
    title = {The lexicon of emotion in the neo-Latin languages},
    journal = {Social Science information},
    year = {2008},
}

@article{costruzionismo,
    author = {Lindquist, K. A. and MacCormack, J. K. and Shablac, H.},
    title = {The role of language in emotion: predictions from psychological constructionism},
    journal = {frontiers in psychology},
    year = {2015},
}

@book{Family_of_language,
    author       = {Clark, E. V.},
    title        = {First Language Acquisition},
    year         = {2009},
    publisher    = {Cambridge University Press},
    address      = {United Kingdom},
}

@book{language_emotion_politics,
    author       = {Mitchell, L.},
    title        = {Language, Emotion and Politics in South India: The Making of a Mother Tongue},
    year         = {2009},
    publisher    = {Indiana University Press},
    address      = {United States of America},
}

@book{Herder,
    author       = {Herder, J. G.},
    title        = {Abhandlung über den Ursprung der Sprache},
    year         = {1772},
    publisher    = {bey Christian Friedrich Voß},
    address      = {Berlin},
}

@article{linguistic_turn,
    author = {Blackburn, S. W.},
    title = {Philosophy of language},
    journal = {Encyclopaedia Britannica},
    year = {2022},
}

@article{Rorty_Linguistic_Turn ,
    author = {Koopman, C.},
    title = {Rorty’s Linguistic Turn: Why (More Than)
Language Matters to Philosophy },
    journal = {Contemporary Pragmatism},
    year = {2011},
}

@article{Toews_linguistic,
    author = {Toews, J. E.},
    title = {Linguistic Turn and Discourse Analysis in History},
    journal = {International Encyclopedia of the Social \& Behavioral Sciences},
    year = {2001},
}

@article{affect_labeling,
    author = {Lieberman, M. D. and Eisenberger, N. I. and Crockett, M. J. and Tom, S. M. and Pfeifer, J. H. and Way, M. B.},
    title = {Putting Feelings Into Words},
    journal = {Psychological Science},
    year = {2006},
}

@book{james_lange,
    author = {Lange, C. G. and James, W.},
    title = {The emotions},
    year = {1922},
    publisher = {Williams \& Wilkins},
    address = {Baltimore}
}

@article{cannon,
    author = {Cannon, W. B.},
    title = {The James-Lange theory of emotions: A critical examination and an
alternative theory},
    journal = {The American Journal of Psychology},
    year = {1927},
}

@article{cannon_bard,
    author = {Cannon, W. B. and Bard, P.},
    title = {Emotional stimulation and the secretion of adrenal gland},
    journal = {The American Journal of Psychology},
    year = {1927},
}

@book{foster,
    author = {Foster, G. A. J.},
    title = {A Voyage Round the World: In His Britannic Majesty's Sloop, Resolution, Commanded by Capt. James Cook, During the Years 1772, 3, 4, and 5},
    year = {1777},
    publisher = {B. White},
    address = {Netherlands},
    volume = {1}
}

@article{papez,
    author = {Papez, M.D. and James, W:},
    title = {A proposed mechanism of emotions},
    journal = {Arch NeurPsych},
    year = {1937},
}

@book{maclean,
    author = {MacLean, P. D.},
    title = {Les trois cerveaux de l'homme},
    year = {1970},
    publisher = {Robert Laffont},
    address = {Paris}
}

@article{ledoux,
    author = {LeDoux, J. E.},
    title = {The emotional brain: The mysterious underpinnings of emotional life},
    journal = {Simon \& Schuster},
    year = {1996},
}

@article{schachter_singer,
    author = {Schachter, S. and Singer, J.},
    title = {Cognitive, social, and physiological determinants of emotional state},
    journal = {Psychological Review},
    year = {1962},
}

@book{white,
    author = {White, H. V.},
    title = {Metahistory: the Historical Imagination in Nineteenth-century Europe},
    year = {1973},
    publisher = {Johns Hopkins University Press},
    address = {Germany}
}

@article{universal_structure,
    author       = {Youn, H. and Sutton, L. and Smith, E. and Moore, C. and Wilkins, J. F. and Maddieson, I. and Croft, W. and  Bhattacharya, T.},
    title        = {On the universal structure of human lexical semantics},
    journal       = {PNAS},
    year = {2015},
}

@article{ekman,
    author       = {Ekman, P.},
    title        = {Universals and cultural differences in facial expressions of emotion. In Nebraska symposium on motivation},
    journal       = {University of Nebraska Press},
    year = {1971},
}

@article{parlato_emotivo,
    author       = {Poggi, I. and Magno Caldongetto, E.},
    title        = {Il parlato emotivo. Aspetti cognitivi, linguistici e fonetici},
    journal       = {Università Roma Tre},
    year = {2004},
}

@book{goleman,
    author = {Goleman, D.},
    title = {Intelligenza emotiva},
    year = {2011},
    publisher = {Rizzoli},
    address = {Italia}
}

@article{introduzione_linguistica,
    author       = {Genetti, C.},
    title        = {How Languages Work: An Introduction to Language and Linguistics},
    journal       = {Cambridge University Press},
    year = {2014},
}

@book{lingue_e_linguaggio,
    author = {Masini, F. and Grandi, N.},
    title = {Tutto ciò che hai sempre voluto sapere sul linguaggio e sulle lingue},
    year = {2017},
    publisher = {Caissa Italia Editore},
    address = {Italia}
}

@book{fondamenti_linguistica,
    author = {Simone, R.},
    title = {Fondamenti di linguistica},
    year = {2008},
    publisher = {Laterza},
    address = {Italia}
}

% rivedere
@book{Jakobson,
    author = {Jakobson, R.},
    title = {"Linguistics and Poetics" in Style in Language},
    year = {1960},
    publisher = {John Wiley \& Sons},
    address = {New York}
}

@book{lessico_semnatica,
    author = {Casadei, F.},
    title = {Lessico e semantica},
    year = {2003},
    publisher = {Carocci},
    address = {Italia}
}

@book{linguistica_comunicazione,
    author = {Finocchi, R.},
    title = {Linguaggi, linguistica e comunicazione},
    year = {2019},
    publisher = {Graphofeel},
    address = {Italia}
}

@article{naural_basis_labeling,
    author       = {Burklund, J. L. and Creswell, D.J. and Irwin, M. L. and Lieberman, M. D.},
    title        = {The common and distinct neural bases of affect labeling and reappraisal in healthy adults},
    journal       = {Frontiers in Psychology},
    year = {2014},
}

@book{tomkins,
    author = {Tomkins, S.},
    title = {Affect Imagery Consciousness},    
    date = {1962/1992},
    publisher = {Springer},
    address = {New York},
    volume = {I-IV}
}

@article{panksepp_articolo,
    author       = {Davis, L. K. and Montag, C.},
    title        = {Selected Principles of Pankseppian Affective Neuroscience},
    journal       = {Frontiers in Neuroscience},
    year = {2019},
}

@book{panksepp_libro,
    author = {Panksepp, J. and Biven, L.},
    title = {The Archaeology of Mind: Neural Origins Of Human Emotion},
    year = {2012},
    publisher = {W. W. Norton},
    address = {United Kingdom}
}

@book{izard_intro,
    author = {Izard, C. E.},
    title = {The Psychology of Emotions},
    year = {1991},
    publisher = {Springer Science \& Business Media},
    address = {Germany}
}

@book{izard_schemi_emotivi,
    author = {Izard, C. E.},
    title = {The face of emotion},
    year = {1971},
    publisher = {Appleton-Century-Crofts},
    address = {United States}
}

@article{scherer,
    author       = {Scherer, K. R.},
    title        = {What are emotions? And how can they be measured?},
    journal       = {Social Science Information},
    year = {2005},
}

@book{scherer_ekman,
    author = {Scherer, K. R. and Ekman, P.},
    title = {Approaches To Emotion},
    year = {1984},
    publisher = {Psychology Press},
    address = {New York}
}

@book{Wierzbicka,
    author = {Harkins, J. and Wierzbicka, A.},
    title = {Emotions in Crosslinguistic Perspective},
    year = {2001},
    publisher = {De Gruyter Mouton},
    address = {Germany}
}

@book{Van_Geertz,
    author = {Van Geertz, P.},
    title = {"Dynamic systems approaches and modeling of developmental processes" Handbook of child psychology},
    year = {2003},
    publisher = {Wiley},
    address = {United States}
}

@book{Chomsky,
    author = {Chomsky, N.},
    title = {Lectures on Government and Binding: The Pisa Lectures},
    year = {1981},
    publisher = {Walter De Gruyter},
    address = {Germany}
}

@book{Lazarus,
    author = {Lazarus, R. S.},
    title = {Emotion and adaptation},
    year = {1991},
    publisher = {Oxford University Press},
    address = {New York}
}

@book{aristotele,
    author = {Aristotele},
    title = {Retorica},
    % date = {ca. 335 a.C.},
    year = {ca. 335 a.C.},
    publisher = {Biblioteca Filosofica Laterza},
    address = {Italia}
}

@book{appraisal,
    author = {Scherer, K. R. and Schorr, A. and Johnstone, T.},
    title = {Appraisal processes in emotion: Theory, methods, research},
    year = {2001},
    publisher = {Oxford University Press},
    address = {Oxford}
}

@article{storia_di_genere,
    author       = {Scott, J. W.},
    title        = {Gender: A useful category of historical analysis},
    journal       = {The American Historical Review},
    year = {1999},
}

@book{memorialistica,
    author = {Lejeune, P.},
    title = {On diary},
    year = {2009},
    publisher = {University of Hawai's Press},
    address = {United States}
}

@article{modalità_labeling,
    author = {Fan, R. and Varol, O. and Varamesh, A. and Barron, A. and Van de Leemput, I. A. and Scheffer, M. and Bollen, J.},
    title = {The minute-scale dynamics of misc emotions reveal the effects of affect labeling},
    journal= {Nature human behaviour},
    year = {2019},
}

@article{fmri_affect_labeling,
    author = {Lieberman, M. D. and Hariri, A. and Jarcho, J. M. and Eisenberger, N. I. and Bookheimer, S. Y.},
    title = {An fMRI investigation of race-related amygdala activity in African-American and Caucasian-American individuals},
    journal= {Nature neuroscience},
    year = {2005},
}

@book{psicolinguistica,
    author = {Marini, A.},
    title = {Elementi di Psicolinguistica Generale},
    year = {2001},
    publisher = {Springer},
    address = {Milano}
}

@article{izard_article,
    author = {Izard, C. E.},
    title = {The Many Meanings/Aspects of Emotion: Definitions, Functions, Activation, and Regulation},
    journal= {Emotion Review},
    year = {2010},
}

@article{prototipicità,
    author = {Rosch, E.},
    title = {Principles of categorization},
    journal= {Lawrence Erlbaum Associates},
    year = {1978},
}

@article{teoria_componenti_scherer,
    author = {Scherer, K. R.},
    title = {The dynamic architecture of emotion: Evidence for the component process model},
    journal= {Cognition and Emotion},
    year = {2009},
}

@book{darwin,
    author = {Darwin, C.},
    title = {The Expression of the Emotions in Man and Animals},
    year = {1872},
    publisher = {John Murray},
    address = {United Kingdom}
}

@book{gergen,
    author = {Gergen, K. J.},
    title = {Realities and relationships: Soundings in social construction},
    year = {1994},
    publisher = {Harvard University Press},
    address = {United States}
}

@book{harre,
    author = {Harré, H. R.},
    title = {Varieties of realism},
    year = {1986},
    publisher = {Blackwell},
    address = {Oxford}
}

@article{hildred_geertz,
    author = {Geertz, H.},
    title = {The Vocabulary of Emotion},
    journal= {Psychiatry},
    year = {1959},
}

@book{geertz,
    author = {Geertz, C.},
    title = {The Interpretation of Cultures},
    year = {1973},
    publisher = {Basic Books},
    address = {United States}
}

@article{haspelmath,
    author = {Haspelmath, M.},
    title = {Comparative concepts and descriptive categories in crosslinguistic studies},
    journal= {Language},
    year = {2010},
}

@incollection{levy_culture,
    author = {Levy, R. I.},
    title = {Emotion, knowing and culture},
    year = {1984},
    booktitle = {Culture theory: Essays on mind, self, and emotion},
    editor = {Shweder, R. and LeVine, R.},
    publisher = {Cambridge University Press},
    address = {United Kingdom},
}

@incollection{levy_emotion_regulation,
    author = {Levy, R. I.},
    title = {Psychopathology and the regulation of emotion},
    booktitle = {Handbook of emotion regulation},
    year = {2015},
    editor = {Gross, J.},
    publisher = {Guilford Press},
    address = {New York}
}

@book{barrett_neuroscienze,
    author = {Barrett, L. F.},
    title = {How Emotions are Made: The Secret Life of the Brain},
    year = {2018},
    publisher = {Pan Macmillan},
    address = {Germany}
}

@article{barrett_costruzionismo,
    author = {Barrett, L. F.},
    title = {The theory of constructed emotion: An active inference account of interoception and categorization},
    journal= {Social Cognitive and Affective Neuroscience},
    year = {2017},
}

@article{lutz_cultural_category,
    author = {Lutz, C.},
    title = {Emotion, Thought, and Estrangement: Emotion as a Cultural Category},
    journal= {Cultural Anthropology},
    year = {1986},
}

@book{lutz_politics_emotions,
    author = {Lutz, C. and Abu-Lughod, L.},
    title = {Language and the Politics of Emotion},
    year = {1990},
    publisher = {Cambridge University Press},
    address = {United Kingdom}
}

@article{reddy_articolo,
    author = {Reddy, W. M.},
    title = {Emotional Liberty: Politics and History in the Anthropology of Emotions},
    journal= {Cultural Anthropology},
    year = {1999},
}

@article{reddy_no_costruzionismo,
    author = {Reddy, W. M.},
    title = {Against Constructionism: The Historical Ethnography of Emotions},
    journal= {Cultural Anthropology},
    year = {1997},
}

@book{kovecses_libro_metafore,
    author = {Kovecses, Z.},
    title = {Metaphor and emotion: Language, culture, and body in human feeling},
    year = {2000},
    publisher = {Cambridge University Press},
    address = {United Kingdom}
}

@article{kovecses_articolo,
    author = {Kovecses, Z.},
    title = {Metaphor in culture: Universality and variation},
    journal= {Cambridge University Press},
    year = {2005},
}

@article{Haspelmath_articolo,
    author = {Haspelmath, M.},
    title = {The geometry of grammatical meaning: Semantic maps and cross-linguistic comparison},
    journal= {New Psychology of Language},
    year = {2003},
}

@article{lakoff_johnson,
    author = {Lakoff, G. and Johnson, M.},
    title = {Metaphors We Live By},
    journal= {University of Chicago Press},
    year = {1980},
}

@book{chomsky_predisposizione_linguaggio,
    author = {Chomsky, N.},
    title = {Syntactic Structures},
    year = {1957},
    publisher = {Mouton de Gruyter},
    address = {Germany}
}

@article{majid_jackson,
    author = {Majid, A.},
    title = {Mapping words reveals emotional diversity},
    journal= {Science},
    year = {2019},
}

@article{jackson_joshua,
    author = {Jackson, J. C. and Watts, J. and Henry, T. R. and List, J.M. and Forkel, R. and Mucha, J. P. and Greenhill, S. P. and Gray, R. D. and 
    Lindquist, A. K.},
    title = {Emotion semantics show both cultural variation and universal structure},
    journal= {Science},
    year = {2019},
}

@article{lutz_micronesia,
    author = {Lutz, C.},
    title = {Unnatural Emotions. Everyday Sentiments on a Micronesian Atoll and their Challenge to Western Theory},
    journal= {University of Chicago Press},
    year = {1988},
}

@book{abu_lughod,
    author = {Abu-Lughod, L.},
    title = {Veiled Sentiments: Honor and Poetry in a Bedouin Society},
    year = {1986},
    publisher = {University of California Press},
    address = {United States}
}

@article{hochschild,
    author = {Hochschild, A. R.},
    title = {Emotion Work, Feeling Rules, and Social Structure},
    journal= {American Journal of Sociology},
    year = {1979},
}

@article{fajans,
    author = {Fajans, J.},
    title = {Shame, social action, and the person among the Baining},
    journal= {Ethos},
    year = {1983},
}

@article{levy_thaitians,
    author = {Levy, R. I.},
    title = {Tahitians: Mind and experience in the Society Islands},
    journal= {Chicago Press},
    year = {1973},
}

@book{goethe,
    author = {Von Goethe, J. W.},
    title = {Die Leiden des jungen Werthers},
    year = {1774},
    publisher = {Weygand'sche Buchhandlung},
    address = {Germany}
}

@article{model,
    author = {Lyusin, D.},
    title = {A Three-Dimensional Model of the Affect Structure Based on Russian Data},
    journal= {Higher School of Economics Research Paper},
    year = {2018},
}

@article{russell_circumplex,
    author = {Russell, J.A.},
    title = {A circumplex model of affect},
    journal= {Journal of Personality and Social
    Psychology},
    year = {1980},
}

@article{barrett,
    author = {Barrett, L. F.},
    title = {Feelings or Words? Understanding the Content in Self-Report Ratings of Experienced Emotion},
    journal= {Journal of Personality and Social Psychology},
    year = {2004},
}

@article{Larsen,
    author = {Larsen, R. J. and Diener, E.},
    title = {Promises and problems with the circumplex model of emotion},
    journal= {Review of personality and social psychology: Emotion},
    year = {1992},
}

@article{Watson,
    author = {Watson, D. and Tellegen, A.},
    title = {Toward a consensual structure of mood},
    journal= {Psychological Bulletin},
    year = {1985},
}

@book{wundt,
    author = {Wundt, W.},
    title = {Grundriss der Psychologie},
    year = {1896},
    publisher = {Leipzig},
    address = {Germany}
}

@article{Thayer,
    author = {Thayer, R.E.},
    title = {The Biopsychology of Mood},
    journal= {Oxford University Press},
    year = {1989},
}

@article{Schimmack,
    author = {Schimmack, U. and Grob, A.},
    title = {Dimensional models of core affect: A quantitative comparison by means of structural equation modeling},
    journal= {European Journal of Personality},
    year = {2000},
}

@article{Mehrabian,
    author = {Mehrabian, A.},
    title = {Pleasure-arousal-dominance: A general framework for describing and measuring individual differences in temperament},
    journal= {Current Psychology},
    year = {1996},
}

@article{Osgood,
    author = {Osgood, C. E.},
    title = {The Nature and Measurement of Meaning},
    journal= {Psychological Bulletin},
    year = {1969},
}

@article{Davitz,
    author = {Davitz, J. R.},
    title = {The language of emotions},
    journal= {New York: Academic Press},
    year = {1969},
}

@article{russell_multidimensional,
    author = {Russell, J. A.},
    title = {Culture and the categorization of emotions},
    journal= {Psychological bulletin},
    year = {1991},
}

@article{Fillenbaum,
    author = {Fillenbaum, S. and Rapaport, A.},
    title = {Structures in the subjective lexicon},
    journal= {San Diego cademic Press},
    year = {1971},
}

@article{corraliza,
    author = {Corraliza, J. A.},
    title = {La experiencia del ambiente},
    journal= {Tecnos},
    year = {1987},
}

@article{Galati,
    author = {Galati, D.},
    title = {Radicali semantici nel lessico italiano delle emozioni},
    journal= {Ricerche di psicologia},
    year = {1986},
}


%----------
% Sitografia
@online{definizione_emozioni,
    keywords     = {site},
    label        = {prova},
    author       = {{Vocabolario Treccani}},
    year         = {2008},
    title        = {Emozione},
    url          = {https://www.treccani.it/vocabolario/emozione},
    urldate      = {2023-03-13}
}

@online{indiamodi,
    keywords     = {site},
    label        = {compromesso india},
    author       = {{Chidabaram, K. P.}},
    year         = {2020},
    title        = {English is an Indian language},
    url          = {https://www.thehindu.com/opinion/op-ed/english-is-an-indian-language/article32766945.ece},
    urldate      = {2023-04-18}
}

@online{storiografia,
    keywords     = {site},
    label        = {storiografia},
    author       = {{Vocabolario Treccani}},
    year         = {2008},
    title        = {Storiografia},
    url          = {https://www.treccani.it/vocabolario/storiografia},
    urldate      = {2023-04-18}
} 

@online{segmentale,
    keywords     = {site},
    label        = {segmentale},
    author       = {{Vocabolario Treccani}},
    year         = {2008},
    title        = {Segmentale},
    url          = {https://www.treccani.it/vocabolario/segmentale},
    urldate      = {2023-04-05}
}

@online{fonosimbolo,
    keywords     = {site},
    label        = {fonosimbolo},
    author       = {{Vocabolario Treccani}},
    year         = {2008},
    title        = {Fonosimbolo},
    url          = {https://www.treccani.it/enciclopedia/fonosimbolo},
    urldate      = {2023-04-05}
}  

@online{langauge,
    keywords     = {site},
    label        = {Linguaggio},
    author       = {{Cambridge Dictionary}},
    year         = {2023},
    title        = {Language},
    url          = {https://dictionary.cambridge.org/dictionary/english/language},
    urldate      = {2023-05-05}
} 

@online{lingua,
    keywords     = {site},
    label        = {lingua},
    author       = {{Accademia della Crusca}},
    year         = {2023},
    title        = {Idioma e lingua},
    url          = {https://accademiadellacrusca.it/it/consulenza/differenza-fra-i-termini-idioma-e-lingua/97},
    urldate      = {2023-06-07}
} 

@online{fam_linguistiche,
    keywords     = {site},
    label        = {famiglie},
    author       = {{Lee, M.}},
    year         = {2022},
    title        = {What is a Language Family?},
    url          = {https://blog.rosettastone.com/what-is-a-language-family},
    urldate      = {2023-05-05}
} 

@online{semantica,
    keywords     = {site},
    label        = {semantica},
    author       = {{Vocabolario Treccani}},
    year         = {2008},
    title        = {Semantica},
    url          = {https://www.treccani.it/vocabolario/semantica},
    urldate      = {2023-06-08}
}

@online{significante,
    keywords     = {site},
    label        = {singificante},
    author       = {{Vocabolario Treccani}},
    year         = {2008},
    title        = {Significante},
    url          = {https://www.treccani.it/enciclopedia/significante},
    urldate      = {2023-06-08}
}

@online{panksepp_izard,
    keywords     = {site},
    label        = {panksepp_izard},
    author       = {{Manuel Cappello}},
    year         = {2020},
    title        = {Jaak Panksepp, il profeta delle emozioni},
    url          = {https://it.manuelcappello.com/2020/05/jaak-panksepp-il-profeta-delle-emozioni},
    urldate      = {2023-05-12}
}

@online{etnocentrismo,
    keywords     = {site},
    label        = {etnocentrismo},
    author       = {{Vocabolario Treccani}},
    year         = {2008},
    title        = {Etnocentrismo},
    url          = {https://www.treccani.it/enciclopedia/etnocentrismo},
    urldate      = {2023-06-08}
}

@online{scientismo,
    keywords     = {site},
    label        = {scientismo},
    author       = {{Vocabolario Treccani}},
    year         = {2008},
    title        = {Scientismo},
    url          = {https://www.treccani.it/enciclopedia/scientismo},
    urldate      = {2023-05-17}
}

@online{semiotica,
    keywords     = {site},
    label        = {semiotica},
    author       = {{Vocabolario Treccani}},
    year         = {2008},
    title        = {Semiotica},
    url          = {https://www.treccani.it/enciclopedia/semiotica},
    urldate      = {2023-05-25}
}

@online{austroasiatiche,
    keywords     = {site},
    label        = {austroasiatiche},
    author       = {{Encyclopedia Britannica}},
    year         = {2023},
    title        = {Austroasiatic languages},
    url          = {https://www.britannica.com/topic/Austroasiatic-languages},
    urldate      = {2023-06-25}
}

@online{teorie_computazionali,
    keywords     = {site},
    label        = {computazionali},
    author       = {{Theuth Linguistic Engines}},
    year         = {2023},
    title        = {Linguistica computazionale},
    url          = {https://www.theuthlinguistic.com/blog/servizi/linguistica-computazionale/},
    urldate      = {2023-06-30}
}

